@book{latex,
  title = {LaTeX : A Documentation Preparation System User's Guide and Reference Manual},
  publisher = {Addison-Wesley Professional},
  year = {1994},
  author = {Leslie Lamport}
},

@inbook{ai_nlp,
  author = {Stuart J. Russell and Peter Norvig},
  booktitle = {Artificial Intelligene: A Modern Approach},
  title = {Natural Language Processing},
  chapter = 22,
  edition = 3,
  publisher = {Pearson},
  year = {2010},
},

@book{nlp,
  author = {Dan Jurafsky and James H. Martin},
  title = {Speech and Language Processing},
  edition = 3,
  pubstate = {inpreparation}
},

@inbook{nlp_re,
  author = {Dan Jurafsky and James H. Martin},
  booktitle = {Speech and Language Processing},
  title = {Regular Expressions, Text Normalization, and Edit Distance},
  chapter = 2,
  edition = 3,
  pubstate = {inpreparation}
},

@inbook{nlp_ie,
  author = {Dan Jurafsky and James H. Martin},
  booktitle = {Speech and Language Processing},
  title = {Information Extraction},
  chapter = 18,
  edition = 3,
  pubstate = {inpreparation}
},

@inbook{nlp_chatbots,
  author = {Dan Jurafsky and James H. Martin},
  booktitle = {Speech and Language Processing},
  title = {Dialog Systems and Chatbots},
  chapter = 24,
  edition = 3,
  pubstate = {inpreparation}
},

